@book{DSS09,
  author = "Mathias Drton and Bernd Sturmfels and Seth Sullivant",
  title = "Lectures on Algebraic Statistics",
  series = "Oberwolfach Seminars",
  publisher = {Birkh\"{a}user},
  volume = 39,
  year = 2009
}

@inbook{Baj96,
  author = "Chandrajit Bajaj",
  title = "The Combinatorics of Real Algebraic Splines over a Simplicial Complex",
  booktitle = "Real Number Algorithms",
  annote = "editors J. Renegar and M. Shub and S. Smale",
  series = "AMS Lecture Notes in Mathematics",
  publisher = "American Mathematical Society",
  volume = 32,
  pages = {49 -- 58},
  year = 1996
}

@inproceedings{ CEM06,
 author = {Cohen-Steiner, David and Edelsbrunner, Herbert and Morozov, Dmitriy},
 title = {Vines and vineyards by updating persistence in linear time},
 booktitle = {SCG '06: Proceedings of the twenty-second annual symposium on Computational geometry},
 year = {2006},
 isbn = {1-59593-340-9},
 pages = {119--126},
 location = {Sedona, Arizona, USA},
 doi = {http://doi.acm.org/10.1145/1137856.1137877},
 publisher = {ACM},
 address = {New York, NY, USA},
}


@inproceedings{BPRT09,
  author = "Janine Bennett and Philippe P\'{e}bay and Diana Roe and David Thompson",
  title = "Numerically Stable, Single-Pass, Parallel Statistics Algorithms",
  booktitle = "submitted to {IEEE} Cluster'09",
  month = aug,
  year = 2009
}

@techreport{csrfq2,
  author = "Philippe P\'{e}bay and J. Maurice Rojas and David Thompson",
  title = "Computational Algebraic Geometry for Statistical Modeling: FY09Q2 Progress",
  number = "SAND2009-2011",
  month = April,
  year = 2009
}

%@inproceedings{PRT09a,
  author = "Philippe P\'{e}bay and J. Maurice Rojas and David Thompson",
  title = "Optimization and {$\np_R$}-Completeness of Certain Fewnomials",
  booktitle = "Proceedings of Symbolic and Numerical Computation",
  publisher = "Sheridan Press",
  address = "Kyoto, Japan",
  month = aug,
  year = 2009
}

@article{car09,
  author = "Gunnar Carlsson",
  title = "Topology and data",
  journal = "Bull. Amer. Math. Soc.",
  volume = 46,
  pages = "255--308",
  year = 2009
}

@book{ag90,
  author = "Eugene L. Allgower and Kurt Georg",
  title = "Numerical continuation methods: an introduction",
  publisher = "Springer-Verlag New York, Inc.",
  address = "New York, NY",
  year = 1990
}

@book{mor87,
  author = "A. Morgan",
  title = "Solving Polynomial Systems Using Continuation for Engineering and Scientific Problems",
  publisher = "Prentice-Hall",
  address = "Englewood Cliffs, NJ",
  year = 1987
}

@article{svw05,
  author = {Andrew J. Sommese and Jan Verschelde and  Charles W. Wampler},
  title = {An intrinsic homotopy for intersecting algebraic varieties},
  journal = {Journal of Complexity},
  volume = 21,
  number = 4,
  pages = {593--608},
  year = 2005
}

@article{passare,
  key = {PT05},
  author = {Passare, Mikael and Tsikh, August},
  title = {Amoebas: their spines and their contours},
  journal = {Idempotent mathematics and mathematical physics, Contemp.\ Math.},
  volume = 377,
  pages = {275--288},
  publisher = {Amer. Math. Soc.},
  address = {Providence, RI},
  year = 2005
}

@article{kapranov,
  key = {Kap91},
  author = {Kapranov, Misha},
  title = "A characterization of {$\cA$}-discriminantal hypersurfaces in terms of the logarithmic {G}auss map",
  journal = {Mathematische Annalen},
  volume = 290,
  pages = {277--285},
  year = 1991
}

@article{dfs,
  key = {DFS07},
  author = {Dickenstein, Alicia and Feichtner, Eva Maria and Sturmfels, Bernd},
  title = {Tropical Discriminants},
  journal = {J.  Amer.  Math.  Soc.},
  volume = 20 ,
  pages = {1111--1133},
  year = 2007
}

@book{gkz94,
  key = {GKZ94},
  author = {Gel'fand, Israel Moseyevitch and Kapranov, Misha M. and Zelevinsky, Andrei V.},
  title = {Discriminants, Resultants and Multidimensional Determinants},
  publisher = {Birkh\"auser},
  address = {Boston},
  year = 1994
}

@misc{doe-mapd,
  author = {W. P. Kegelmeyer and R. Calderbank and T. Critchlow and L. Jameson and C. Kamath and J. Meza and N. Samatova and A. Wilson},
  title = {Mathematics for Analysis of Petascale Data: Report on a {Department of Energy} Workshop},
  note = {http://www.sc.doe.gov/ascr/ProgramDocuments/Docs/PetascaleDataWorkshopReport.pdf},
  month = {June 3--5},
  year = 2008
}

@misc{doe-viz,
  editor = {C. Johnson and R. Ross},
  title = {Visualization and Knowledge Discovery: Report from the {DOE/ASCR} Workshop on Visual Analysis and Data Exploration at Extreme Scale},
  note = {http://www.sc.doe.gov/ascr/ProgramDocuments/Docs/DOE-Visualization-Report-2007.pdf},
  month = oct,
  year = 2007
}

@book{ascb,
  author = {Lior Pachter and Bernd Sturmfels},
  title = {Algebraic Statistics for Computational Biology},
  publisher = {Cambridge University Press},
  isbn = {978-0-521-85700-0},
  year = 2005
}

@inproceedings{EH02,
	author = {Herbert Edelsbrunner and John Harer},
	title = {Jacobi sets of multiple {M}orse functions},
	booktitle = {Foundations of Computational Mathematics},
	publisher = {Cambridge Univ. Press},
	pages={37--57}, 
	editor={F. Cucker and R. DeVore and P. Olver and E. SÃ¼li},
	year={2004}
}

@Book{Milnor:Morse,
  author =  "J. Milnor",
  title =   "Morse Theory",
  series =  "Annals of mathematics studies",
  volume =  "51",
  publisher =   "Princeton University Press",
  address = "Princeton",
  year =    "1963",
}

@Book{Matsumoto:Morse,
  author =  "Y. Matsumoto",
  title =   "An Introduction to Morse Theory",
  series =  "Translations of Mathematical Monographs",
  volume =  "208",
  publisher =   "American Mathematical Society",
  address = "Providence, RI",
  year =    "2002",
}

@INPROCEEDINGS{Edelsbrunner:SOS,
    author = "Herbert Edelsbrunner and Ernst P. Mucke",
    title = "Simulation of Simplicity: A Technique to Cope with Degenerate Cases in Geometric Algorithms",
    booktitle = "Symposium on Computational Geometry",
    pages = "118-133",
    year = "1988",
    url = "citeseer.ist.psu.edu/edelsbrunner90simulation.html" 
}

@Article{Edelsbrunner:TopoPersistence,
author =  "H. Edelsbrunner and D. Letscher and A. Zomorodian",
title =  "Topological persistence and simplification",
journal =  "Discrete Computational Geometry",
number =  "28",
year = "2002",
pages = "511--533",
}

@Article{Gyulassy:2007:TCD,
  author =  "Attila Gyulassy and Mark Duchaineau and Vijay
     Natarajan and Valerio Pascucci and Eduardo Bringa and
     Andrew Higginbotham and Bernd Hamann",
  title = "Topologically Clean Distance Fields",
  journal = "IEEE Transactions on Visualization and Computer
     Graphics",
  volume =  "13",
  number =  "6",
  pages = "1432--1439",
  year =  "2007",
}

@Article{Natarajan:Molecules,
  title = "Segmenting molecular surfaces",
  author =  "Vijay Natarajan and Yusu Wang and Peer-Timo Bremer and
     Valerio Pascucci and Bernd Hamann",
  journal = "Computer Aided Geometric Design",
  year =  "2006",
  number =  "6",
  volume =  "23",
  pages = "495--509",
  URL =   "http://dx.doi.org/10.1016/j.cagd.2006.02.003",
}

@BOOK{Alexandrov:Topology,
  author = "P. S. Alexandrov", 
   title = "Combinatorial Topology",
   publisher = "Dover",
   year  = "1998"
}

@BOOK{Munkres:Topology,
  author = "J. R. Munkres", 
   title = "Elements of Algebraic Topology",
   publisher = "Addison-Wesley",
   year  = "1984"
}

@Article{Conley:Index,
  author = "C. Conley", 
   title = "Isolated Invariant Sets and the Morse Index",
  journal = "CBMS Regional Conference Series in Mathematics",
  year =  "1978",
  volume =  "38",
  publisher = "AMS Publications",
  location = "Providence"
}

@InProceedings{CEH05,
  author = 	 {David Cohen-Steiner and Herbert Edelsbrunner and John Harer},
  title = 	 {Stability of persistence diagrams},
  booktitle =	 {Proc.\ 21st Sympos.\ Comput.\ Geom.},
  pages =	 {263--271},
  year =	 2005
}

@InProceedings{EdelsbrunnerEtAl03,
  author =	"Edelsbrunner and Harer and Natarajan and Pascucci",
  title =	"Morse-Smale Complexes for Piecewise Linear
		 3-Manifolds",
  booktitle =	"COMPGEOM: Annual ACM Symposium on Computational
		 Geometry",
  year = 	"2003",
}

@Article{EdeHarZom03,
  author =	"Edelsbrunner and Harer and Zomorodian",
  title =	"Hierarchical Morse-Smale Complexes for Piecewise
		 Linear 2-Manifolds",
  journal =	"GEOMETRY: Discrete and Computational Geometry",
  volume =	"30",
  year = 	"2003",
}

@Article{GyulassyBHP08,
  title =	"A Practical Approach to Morse-Smale Complex
		 Computation: Scalability and Generality",
  author =	"Attila Gyulassy and Peer-Timo Bremer and Bernd Hamann
		 and Valerio Pascucci",
  journal =	"IEEE Trans. Vis. Comput. Graph",
  year = 	"2008",
  number =	"6",
  volume =	"14",
  bibdate =	"2009-01-19",
  bibsource =	"DBLP,
		 http://dblp.uni-trier.de/db/journals/tvcg/tvcg14.html#GyulassyBHP08",
  pages =	"1619--1626",
  URL =  	"http://dx.doi.org/10.1109/TVCG.2008.110",
}

@Article{PasCol04,
  author =	"Pascucci and Cole-McLaughlin",
  title =	"Parallel Computation of the Topology of Level Sets",
  journal =	"Algorithmica",
  volume =	"38",
  year = 	"2004",
}

@Article{Biasotti08,
  title =	"Reeb graphs for shape analysis and applications",
  author =	"S. Biasotti and D. Giorgi and M. Spagnuolo and B.
		 Falcidieno",
  publisher =	"Elsevier",
  year = 	"2008",
  volume =	"392",
  abstract =	"Reeb graphs are compact shape descriptors which convey
		 topological information related to the level sets of a
		 function defined on the shape. Their definition dates
		 back to 1946, and finds its root in Morse theory. Reeb
		 graphs as shape descriptors have been proposed to solve
		 different problems arising in Computer Graphics, and
		 nowadays they play a fundamental role in the field of
		 computational topology for shape analysis. This paper
		 provides an overview of the mathematical properties of
		 Reeb graphs and reconstructs its history in the
		 Computer Graphics context, with an eye towards
		 directions of future research.",
  pages =	"5--22",
  source =	"Theoretical Computer Science"
}

@Article{PascucciSBM07,
  title =	"Robust on-line computation of Reeb graphs: simplicity
		 and speed",
  author =	"Valerio Pascucci and Giorgio Scorzelli and Peer-Timo
		 Bremer and Ajith Mascarenhas",
  journal =	"ACM Trans. Graph",
  year = 	"2007",
  number =	"3",
  volume =	"26",
  bibdate =	"2007-08-24",
  bibsource =	"DBLP,
		 http://dblp.uni-trier.de/db/journals/tog/tog26.html#PascucciSBM07",
  pages =	"58",
  URL =  	"http://doi.acm.org/10.1145/1276377.1276449",
}

@INPROCEEDINGS{Mascarenhas:Combustion,
title =  "Topological Feature Extraction for Exploration of Terascale Combustion Data", 
author =  "A. Mascarenas and R. W. Grout and  P.-T. Bremer and E. R. Hawkes and V. Pascuccii and J. H. Chen", 
booktitle = "Topoinvis â09: Topological Methods in Data Analysis and Visualization", 
year = "2009"
}

@Article{Laney:TurbulentMixing, 
  title = "Understanding the Structure of the Turbulent Mixing
     Layer in Hydrodynamic Instabilities",
  author =  "David E. Laney and Peer-Timo Bremer and Ajith
     Mascarenhas and P. Miller and Valerio Pascucci",
  journal = "IEEE Trans. Vis. Comput. Graph",
  year =  "2006",
  number =  "5",
  volume =  "12",
  pages = "1053--1060",
  URL =   "http://doi.ieeecomputersociety.org/10.1109/TVCG.2006.186",
}

@Article{Day:Turbulence,
  title = "Turbulence effects on cellular burning structures in lean premixed hydrogen flames",
  author = "M. S. Day and J. B. Bell and P.-T. Bremer and V. Pascucci and V. Beckner and M. Lijewski",
  journal = "Combust. Flame",
  year = "2009",
  volume = "156",
  pages = "1035--1045",
}


@Article{Weber:Landscapes,
  title = "Topological Landscapes: {A} Terrain Metaphor for
     Scientific Data",
  author =  "Gunther H. Weber and Peer-Timo Bremer and Valerio
     Pascucci",
  journal = "IEEE Trans. Vis. Comput. Graph",
  year =  "2007",
  number =  "6",
  volume =  "13",
  pages = "1416--1423",
  URL =   "http://doi.ieeecomputersociety.org/10.1109/TVCG.2007.70601",
}

@InProceedings{Cignoni:Simplification,
  title = "Simplification of Tetrahedral meshes with accurate
     error evaluation",
  author =  "Paolo Cignoni and D. Constanza and Claudio Montani and
     Claudio Rocchini and Roberto Scopigno",
  year =  "2000",
  booktitle = "IEEE Visualization",
  pages = "85--92",
  URL =   "http://doi.acm.org/10.1145/375213.375222",
}

@Article{Bremer:Hierarchy,
  title = "A Topological Hierarchy for Functions on Triangulated
     Surfaces",
  author =  "Peer-Timo Bremer and Herbert Edelsbrunner and Bernd
     Hamann and Valerio Pascucci",
  journal = "IEEE Trans. Vis. Comput. Graph",
  year =  "2004",
  number =  "4",
  volume =  "10",
  pages = "385--396",
  URL =   "http://doi.ieeecomputersociety.org/10.1109/TVCG.2004.3",
}

@InProceedings{Guskov:NoiseRemoval,
  title = "Topological Noise Removal",
  author =  "Igor Guskov and Zoe Wood",
  booktitle = "GI 2001",
  year =  "2001",
  month = jun,
  pages = "19--26",
}

@Article{Carr:Contour,
  author =  "Carr and Snoeyink and Axen",
  title = "Computing Contour Trees in All Dimensions",
  journal = "CGTA: Computational Geometry: Theory and
     Applications",
  volume =  "24",
  year =  "2003",
}

@InProceedings{Takahashi:VolumeSkeletonTetra,
  title = "Topological Volume Skeletonization Using Adaptive
     Tetrahedralization",
  author =  "Shigeo Takahashi and Gregory M. Nielson and Yuriko
     Takeshima and Issei Fujishiro",
  publisher = "IEEE Computer Society",
  year =  "2004",
  pages = "227--236",
}


@Article{Takahashi:VolumeSkeletonFunc,
  author =  "Shigeo Takahashi and Yuriko Takeshima and Issei
     Fujishiro",
  title = "Topological volume skeletonization and its application
     to transfer function design",
  journal = "Graphical models",
  volume =  "66",
  number =  "1",
  pages = "24--49",
  month = jan,
  year =  "2004",
}

@Article{Wood:ExcessTopo,
  author =  "Zo{\"e} Wood and Hugues Hoppe and Mathieu Desbrun and
     Peter Schr{\"o}der",
  title = "Removing excess topology from isosurfaces",
  journal = "ACM Transactions on Graphics",
  volume =  "23",
  number =  "2",
  pages = "190--208",
  month = apr,
  year =  "2004",
}

@InProceedings{Bandy:AlmostDelaunay,
  author =  "Bandyopadhyay and Snoeyink",
  title = "Almost-Delaunay Simplices: Nearest Neighbor Relations
     for Imprecise Points",
  booktitle = "SODA: ACM-SIAM Symposium on Discrete Algorithms (A
     Conference on Theoretical and Experimental Analysis of
     Discrete Algorithms)",
  year =  "2004",
}


@InProceedings{Loffler:Imprecise,
  title = "Delaunay triangulations of imprecise points in linear
     time after preprocessing",
  author =  "Maarten L{\"o}ffler and Jack Snoeyink",
  booktitle = "Symposium on Computational Geometry",
  publisher = "ACM",
  year =  "2008",
  editor =  "Monique Teillaud",
  pages = "298--304",
  URL =   "http://doi.acm.org/10.1145/1377676.1377727",
}

@InProceedings{Edelsbrunner:Func,
  title = "Local and Global Comparison of Continuous Functions",
  author =  "Herbert Edelsbrunner and John Harer and Vijay
     Natarajan and Valerio Pascucci",
  publisher = "IEEE Computer Society",
  year =  "2004",
  booktitle = "IEEE Visualization",
  pages = "275--280",
}

@Article{Najm:PCCFD,
  author =  " Habib Najm",
  title = "Uncertainty Quantification and Polynomial Chaos Techniques in Computational Fluid Dynamics",
  journal = "Annual Review of Fluid Mechanics",
  volume =  "41",
  pages = "35--52",
  month = jan,
  year =  "2009",
}

@Article{Debusschere:PC,
author = " B. Debusschere and H.  Najm H and P. P\`ebay and O. Knio and R. Ghanem and O. Le Ma\^Ä±tre ",
title = "Numerical challenges in the use of polynomial chaos representations for stochastic processes",
year = "2004", 
journal = " SIAM J. Sci. Computing",
volume = "26",
pages = "698 -- 719",
}
